@book{Bernstein:2009:PTP:1208930,
 author = {Bernstein, Philip A. and Newcomer, Eric},
 title = {Principles of Transaction Processing},
 year = {2009},
 isbn = {1558606238, 9781558606234},
 edition = {2nd},
 publisher = {Morgan Kaufmann Publishers Inc.},
 address = {San Francisco, CA, USA},
}
